@string{acp = "Adv.~Chem.~Phys."}
@string{cp = "Chem.~Phys."}
@string{cpl = "Chem.~Phys.~Lett."}
@string{ijqc = "Int.~J.~Quantum~Chem."}
@string{jcc = "J.~Comput.~Chem."}
@string{jcp = "J.~Chem.~Phys."}
@string{jpb = "J.~Phys.~B:~At.~Mol.~Opt.~Phys."}
@string{pccp = "Phys.~Chem.~Chem.~Phys."}
@string{pra = "Phys.~Rev.~A"}

@book{Chaudhry:2002,
  author = {M. Aslam Chaudhry and Syed M. Zubair},
  title = {On a class of incomplete gamma functions with applications},
  publisher = {CRC Press},
  address= {Boca Raton},
  year = {2002}
}

@article{Gauss:JCP105:2804,
author = {J\"{u}rgen Gauss and Kenneth Ruud and Trygve Helgaker},
title = {{Perturbation-dependent atomic orbitals for the calculation of spin-rotation constants and rotational g tensors}},
publisher = {AIP},
year = {1996},
journal = jcp,
volume = {105},
number = {7},
pages = {2804--2812},
doi = {10.1063/1.472143}
}

@article{klbpjhjajjothjcp97,
  author = {Keld Lars Bak and Poul J{\o}rgensen and Hans J{\o}rgen Aa. Jensen and Jeppe Olsen and Trygve Helgaker},
  title = {{First-order nonadiabatic coupling matrix elements from multiconfigurational self-consistent-field response theory}},
  publisher = {AIP},
  year = {1992},
  journal = jcp,
  volume = {97},
  number = {10},
  pages = {7573--7584}
}

@article{krthklbpjhjajjcp99,
  author = {Kenneth Ruud and Trygve Helgaker and Keld L. Bak and Poul J{\o}rgensen and Hans J{\o}rgen Aa. Jensen},
  title = {{Hartree--Fock limit magnetizabilities from London orbitals}},
  publisher = {AIP},
  year = {1993},
  journal = jcp,
  volume = {99},
  number = {5},
  pages = {3847--3859}
}

@book{Saint-Raymond:1991,
  author = {Xavier Saint Raymond},
  title = {{Elementary introduction to the theory of pseudodifferential operators}},
  publisher = {CRC Press},
  address={Boca Raton, Florida},
  year = {1991}
}

@book{Helgaker:2000,
  author = {Trygve Helgaker and Poul J{\o}rgensen and Jeppe Olsen},
  title = {{Molecular Electronic-Structure Theory}},
  publisher = {John Wiley \& Sons Ltd},
  address={Chichester},
  year = {2000}
}

@article{Reine:PCCP9:4771,
  author = {Simen Reine and Erik Tellgren and Trygve Helgaker},
  title = {{A unified scheme for the calculation of differentiated and undifferentiated molecular integrals over solid-harmonic Gaussians}},
  year = {2007},
  journal = pccp,
  volume = {9},
  pages = {4771--4779}
}

@misc{bgkrth-a,
  author = {Bin Gao and Kenneth Ruud and Trygve Helgaker},
  title = {{Evaluating one-electron integrals and their geometric derivatives II:
magnetic properties, relativistic corrections, and pseudopotential}},
  year = {2011},
  note = {In manuscript}
}

@misc{bgkr,
  author = {Bin Gao and Kenneth Ruud},
  title = {{\textsc{Gen}1\textsc{Int}: An object-oriented library to evaluate one-electron integrals and their derivatives}},
  year = {2011},
  note = {In manuscript}
}

@article{Gao:IJQC:2010,
title = {{\textsc{Gen}1\textsc{Int}: a unified procedure for the evaluation of one-electron integrals over Gaussian basis functions and their geometric derivatives}},
author = {Bin Gao and Andreas J.~Thorvaldsen and Kenneth Ruud},
journal = ijqc,
year = {2010},
volume = {111},
number = {4},
pages = {858--872}
}

@article{thpjjcp95,
  author = {Trygve Helgaker and Poul J{\o}rgensen},
  title = {{An electronic Hamiltonian for origin independent calculations of magnetic properties}},
  publisher = {AIP},
  year = {1991},
  journal = jcp,
  volume = {95},
  number = {4},
  pages = {2595--2601}
}

@article{skjohjajjcp103,
  author = {Sheela Kirpekar and Jens Oddershede and Hans J{\o}rgen Aagaard Jensen},
  title = {{Relativistic corrections to molecular dynamic dipole polarizabilities}},
  publisher = {AIP},
  year = {1995},
  journal = jcp,
  volume = {103},
  number = {8},
  pages = {2983--2990}
}

@article{ovhapjhjajsbpthjcp96,
  author = {Olav Vahtras and Hans {\AA}gren and Poul J{\o}rgensen and Hans J{\o}rgen Aa. Jensen and S{\o}ren B. Padkj{\ae}r and Trygve Helgaker},
  title = {{Indirect nuclear spin--spin coupling constants from multiconfiguration linear response theory}},
  publisher = {AIP},
  year = {1992},
  journal = jcp,
  volume = {96},
  number = {8},
  pages = {6120--6125}
}

@article{adbacp12,
   author  = {A. D. Buckingham},
   title = {{Permanent and Induced Molecular Moments and Long-Range Intermolecular Forces}},
   journal = acp,
   volume = {12},
   year = {1967},
   pages = {107}
}

@article{Flores-Moreno:JCC27:1009,
author = {Roberto Flores-Moreno and Rodrigo J. Alvarez-Mendez and Alberto Vela and Andreas M. K\"{o}ster},
title = {{Half-Numerical Evaluation of Pseudopotential Integrals}},
year = {2005},
journal = jcc,
volume = {27},
number = {9},
pages = {1009--1019}
}

@article{Komornicki:CPL45:595,
title = {{Efficient determination and characterization of transition states using ab-initio methods}},
journal = cpl,
volume = {45},
number = {3},
pages = {595--602},
year = {1977},
doi = {10.1016/0009-2614(77)80099-7},
author = {Andrew Komornicki and Kazuhiro Ishida and Keiji Morokuma and Robert Ditchfield and Morgan Conrad}
}

@article{Kahn:JCP75:3962,
author = {Luis R. Kahn},
title = {{Relationships among derivatives of the integrals in the calculation of the gradient of the electronic energy with respect to the nuclear coordinates}},
publisher = {AIP},
year = {1981},
journal = jcp,
volume = {75},
number = {8},
pages = {3962--3966},
doi = {10.1063/1.442553}
}

